\texttt{}@article{hinton2002training,
  title={Training products of experts by minimizing contrastive divergence},
  author={Hinton, Geoffrey E},
  journal={Neural computation},
  volume={14},
  number={8},
  pages={1771--1800},
  year={2002},
  publisher={MIT Press}
}
@article{woodfordnotes,
	title={Notes on Contrastive Divergence},
	author={Woodford, Oliver},
	journal={Department of Engineering Science, University of Oxford, Tech. Rep.},
	year={2013}
}

@inproceedings{carreira2005contrastive,
  title={On Contrastive Divergence Learning.},
  author={Carreira-Perpinan, Miguel A and Hinton, Geoffrey E},
  booktitle={AISTATS},
  volume={10},
  pages={33--40},
  year={2005},
  organization={Citeseer}
}
@article{mohr2013introduction,
  title={Introductionâ€”Topic models: What they are and why they matter},
  author={Mohr, John W and Bogdanov, Petko},
  journal={Poetics},
  volume={41},
  number={6},
  pages={545--569},
  year={2013},
  publisher={Elsevier}
}
@article{blei2012probabilistic,
  title={Probabilistic topic models},
  author={Blei, David M},
  journal={Communications of the ACM},
  volume={55},
  number={4},
  pages={77--84},
  year={2012},
  publisher={ACM}
}
@inproceedings{zheng2014topic,
  title={Topic modeling of multimodal data: an autoregressive approach},
  author={Zheng, Yin and Zhang, Yu-Jin and Larochelle, Hugo},
  booktitle={Proceedings of the IEEE Conference on Computer Vision and Pattern Recognition},
  pages={1370--1377},
  year={2014}
}
@inproceedings{blei2003modeling,
  title={Modeling annotated data},
  author={Blei, David M and Jordan, Michael I},
  booktitle={Proceedings of the 26th annual international ACM SIGIR conference on Research and development in informaion retrieval},
  pages={127--134},
  year={2003},
  organization={ACM}
}
@article{steyvers2007probabilistic,
  title={Probabilistic topic models},
  author={Steyvers, Mark and Griffiths, Tom},
  journal={Handbook of latent semantic analysis},
  volume={427},
  number={7},
  pages={424--440},
  year={2007}
}
@article{lin2012weakly,
  title={Weakly supervised joint sentiment-topic detection from text},
  author={Lin, Chenghua and He, Yulan and Everson, Richard and Ruger, Stefan},
  journal={IEEE Transactions on Knowledge and Data engineering},
  volume={24},
  number={6},
  pages={1134--1145},
  year={2012},
  publisher={IEEE}
}
@article{pang2008opinion,
  title={Opinion mining and sentiment analysis},
  author={Pang, Bo and Lee, Lillian and others},
  journal={Foundations and Trends{\textregistered} in Information Retrieval},
  volume={2},
  number={1--2},
  pages={1--135},
  year={2008},
  publisher={Now Publishers, Inc.}
}
@article{blei2003latent,
  title={Latent dirichlet allocation},
  author={Blei, David M and Ng, Andrew Y and Jordan, Michael I},
  journal={Journal of machine Learning research},
  volume={3},
  number={Jan},
  pages={993--1022},
  year={2003}
}
@inproceedings{hinton2009replicated,
  title={Replicated softmax: an undirected topic model},
  author={Hinton, Geoffrey E and Salakhutdinov, Ruslan R},
  booktitle={Advances in neural information processing systems},
  pages={1607--1614},
  year={2009}
}
@inproceedings{larochelle2011neural,
  title={The Neural Autoregressive Distribution Estimator.},
  author={Larochelle, Hugo and Murray, Iain},
  booktitle={AISTATS},
  volume={1},
  pages={2},
  year={2011}
}
@techreport{smolensky1986information,
  title={Information processing in dynamical systems: Foundations of harmony theory},
  author={Smolensky, Paul},
  year={1986},
  institution={DTIC Document}
}
@article{freund1994unsupervised,
	title={Unsupervised learning of distributions of binary vectors using two layer networks},
	author={Freund, Yoav and Haussler, David},
	year={1994},
	publisher={Computer Research Laboratory [University of California, Santa Cruz]}
}
@article{hinton2010practical,
  title={A practical guide to training restricted Boltzmann machines},
  author={Hinton, Geoffrey},
  journal={Momentum},
  volume={9},
  number={1},
  pages={926},
  year={2010}
}
@article{dayan1996does,
  title={Does the wake-sleep algorithm produce good density estimators?},
  author={Dayan, Peter},
  journal={AISTATS},
  volume={8},
  number={1},
  pages={914},
  year={1996}
}
@inproceedings{bengio1999modeling,
  title={Modeling High-Dimensional Discrete Data with Multi-Layer Neural Networks.},
  author={Bengio, Yoshua and Bengio, Samy},
  booktitle={NIPS},
  volume={99},
  pages={400--406},
  year={1999}
}
@book{baeza1999modern,
  title={Modern information retrieval},
  author={Baeza-Yates, Ricardo and Ribeiro-Neto, Berthier and others},
  volume={463},
  year={1999},
  publisher={ACM press New York}
}
@article{salton1986introduction,
  title={Introduction to modern information retrieval},
  author={Salton, Gerard and McGill, Michael J},
  volume={356},
  year={2008},
  publisher={ACM press New York}
}
@article{deerwester1990indexing,
  title={Indexing by latent semantic analysis},
  author={Deerwester, Scott and Dumais, Susan T and Furnas, George W and Landauer, Thomas K and Harshman, Richard},
  journal={Journal of the American society for information science},
  volume={41},
  number={6},
  pages={391},
  year={1990},
  publisher={American Documentation Institute}
}
@inproceedings{hofmann1999probabilistic,
  title={Probabilistic latent semantic indexing},
  author={Hofmann, Thomas},
  booktitle={Proceedings of the 22nd annual international ACM SIGIR conference on Research and development in information retrieval},
  pages={50--57},
  year={1999},
  organization={ACM}
}
@inproceedings{hinton2009replicated,
	title={Replicated softmax: an undirected topic model},
	author={Hinton, Geoffrey E and Salakhutdinov, Ruslan R},
	booktitle={Advances in neural information processing systems},
	pages={1607--1614},
	year={2009}
}
@inproceedings{larochelle2012neural,
	title={A neural autoregressive topic model},
	author={Larochelle, Hugo and Lauly, Stanislas},
	booktitle={Advances in Neural Information Processing Systems},
	pages={2708--2716},
	year={2012}
}
@inproceedings{jo2011aspect,
	title={Aspect and sentiment unification model for online review analysis},
	author={Jo, Yohan and Oh, Alice H},
	booktitle={Proceedings of the fourth ACM international conference on Web search and data mining},
	pages={815--824},
	year={2011},
	organization={ACM}
}
@inproceedings{zheng2014topic,
	title={Topic modeling of multimodal data: an autoregressive approach},
	author={Zheng, Yin and Zhang, Yu-Jin and Larochelle, Hugo},
	booktitle={Proceedings of the IEEE Conference on Computer Vision and Pattern Recognition},
	pages={1370--1377},
	year={2014}
}
@inproceedings{salakhutdinov2007restricted,
	title={Restricted Boltzmann machines for collaborative filtering},
	author={Salakhutdinov, Ruslan and Mnih, Andriy and Hinton, Geoffrey},
	booktitle={Proceedings of the 24th international conference on Machine learning},
	pages={791--798},
	year={2007},
	organization={ACM}
}
@inproceedings{pang2002thumbs,
	title={Thumbs up?: sentiment classification using machine learning techniques},
	author={Pang, Bo and Lee, Lillian and Vaithyanathan, Shivakumar},
	booktitle={Proceedings of the ACL-02 conference on Empirical methods in natural language processing-Volume 10},
	pages={79--86},
	year={2002},
	organization={Association for Computational Linguistics}
}
@article{taylor2007modeling,
	title={Modeling human motion using binary latent variables},
	author={Taylor, Graham W and Hinton, Geoffrey E and Roweis, Sam T},
	journal={Advances in neural information processing systems},
	volume={19},
	pages={1345},
	year={2007},
	publisher={MIT; 1998}
}
@inproceedings{blitzer2007biographies,
	title={Biographies, bollywood, boom-boxes and blenders: Domain adaptation for sentiment classification},
	author={Blitzer, John and Dredze, Mark and Pereira, Fernando and others},
	booktitle={ACL},
	volume={7},
	pages={440--447},
	year={2007}
}
@ARTICLE{7855825, 
author={Z. Hai and G. Cong and K. Chang and P. Cheng and C. Miao}, 
journal={IEEE Transactions on Knowledge and Data Engineering}, 
title={Analyzing Sentiments in One Go: A Supervised Joint Topic Modeling Approach}, 
year={2017}, 
volume={29}, 
number={6}, 
pages={1172-1185}, 
keywords={Markov processes;Monte Carlo methods;parameter estimation;probability;sentiment analysis;SJASM;aspect terms;aspect-level sentiment analysis;collapsed Gibbs sampling;overall rating pairs;overall sentiments predict;parameter estimation;probabilistic supervised joint aspect and sentiment model;review data;semantic aspects;sentiment detection;supervision data;user-generated review modeling;Analytical models;Data models;Predictive models;Probabilistic logic;Semantics;Sentiment analysis;Social network services;Sentiment analysis;aspect-based sentiment analysis;probabilistic topic model;supervised joint topic model}, 
doi={10.1109/TKDE.2017.2669027}, 
ISSN={1041-4347}, 
month={June},}